@article{ratcliffe2007predation,
  title={Predation, Detection, and Avoidance},
  author={Ratcliffe, John M.},
  year={2007}
}

@book{lovelock1972gaia,
  title={Gaia: A New Look at Life on Earth},
  author={Lovelock, James E.},
  year={1972},
  publisher={Oxford University Press}
}

@book{nisbett2003geography,
  title={The Geography of Thought: How Asians and Westerners Think Differently...and Why},
  author={Nisbett, Richard E.},
  year={2003},
  publisher={Free Press}
}

@article{zuberbuhler2000cognitive,
  title={Cognitive precursors to language in apes and monkeys},
  author={Zuberb√ºhler, Klaus},
  year={2000},
  pages={165-175}
}

@article{emery2004cognitive,
  title={Cognitive ornithology: the evolution of avian intelligence},
  author={Emery, Nathan J and Clayton, Nicola S},
  year={2004},
  pages={23-43}
}

@book{descola1996nature,
  title={Nature and Society: Anthropological Perspectives},
  author={Descola, Philippe},
  year={1996},
  publisher={Routledge}
}

@book{berkes1999sacred,
  title={Sacred Ecology: Traditional Ecological Knowledge and Resource Management},
  author={Berkes, Fikret},
  year={1999},
  publisher={Taylor \& Francis}
}

@book{gardner1983frames,
  title={Frames of Mind: The Theory of Multiple Intelligences},
  author={Gardner, Howard},
  year={1983},
  publisher={Basic Books}
}

@article{holling2001understanding,
  title={Understanding the complexity of economic, ecological, and social systems},
  author={Holling, Crawford Stanley},
  year={2001},
  pages={390-405}
}
