
@book{plato_gorgias,
  author    = "Plato",
  title     = "Gorgias",
  year      = "Ihr Jahr der Veröffentlichung",
  publisher = "Ihr Verlag",
  address   = "Verlagsort"
}

@book{plato_menon,
  author    = "Plato",
  title     = "Menon",
  year      = "Ihr Jahr der Veröffentlichung",
  publisher = "Ihr Verlag",
  address   = "Verlagsort"
}

@book{plato_kriton,
  author    = "Plato",
  title     = "Kriton",
  year      = "Ihr Jahr der Veröffentlichung",
  publisher = "Ihr Verlag",
  address   = "Verlagsort"
}
