
@book{plato1967,
  title={Gorgias},
  author={Plato},
  translator={W.R.M. Lamb},
  year={1967},
  publisher={Harvard University Press; William Heinemann Ltd},
  address={Cambridge, MA; London},
  volume={3}
}

@book{maslow1987,
  title={Motivation and Personality},
  author={Maslow, Abraham H.},
  edition={3},
  year={1987},
  publisher={Harper \& Row}
}

@book{rahula1974,
  title={What the Buddha Taught},
  author={Rahula, Walpola},
  year={1974},
  publisher={Grove Press}
}

@book{flood1996,
  title={An Introduction to Hinduism},
  author={Flood, Gavin},
  year={1996},
  publisher={Cambridge University Press}
}

@book{feuerstein2001,
  title={The Yoga Tradition: Its History, Literature, Philosophy and Practice},
  author={Feuerstein, Georg},
  year={2001},
  publisher={Hohm Press}
}

