@article{fries_maris_2021,
  title = {What to do if N is two?},
  author = {Pascal Fries and Eric Maris},
  year = {2021},
  month = {Jun},
  day = {28},
  url = {http://arxiv.org/abs/2106.14562v1},
  pdf_url = {http://arxiv.org/pdf/2106.14562v1.pdf},
  journal = {arXiv:2106.14562 [stat.ME, stat.AP]},
  comment = {9 pages, 1 figure}
}

@article{shour_2009,
  title = {A theory of intelligence: networked problem solving in animal societies},
  author = {Robert Shour},
  year = {2009},
  month = {Sep},
  day = {1},
  updated = {2012 Sep 11},
  url = {http://arxiv.org/abs/0909.0173v8},
  pdf_url = {http://arxiv.org/pdf/0909.0173v8.pdf},
  journal = {arXiv:0909.0173 [cs.AI, nlin.AO]},
  comment = {83 pages; v 2-8 correct proofreading errors}
}
