@book{MacLane1997,
  author    = {Saunders MacLane},
  title     = {Categories for the Working Mathematician},
  publisher = {Springer},
  year      = {1997},
  language  = {English},
  edition   = {2}
}

@book{Platon2010,
  author    = {Platon},
  editor    = {Gunther Eigler},
  title     = {Werke in acht B{\"a}nden},
  publisher = {Wissenschaftliche Buchgesellschaft (wbg)},
  year      = {2010},
  edition   = {6., unver{\"a}nderte Auflage},
  isbn      = {978-3-534-24059-3},
  language  = {German and Greek},
}

@book{Carnie2012,
  author    = {Andrew Carnie},
  title     = {Syntax: A Generative Introduction},
  publisher = {Wiley-Blackwell},
  year      = {2012},
  edition   = {3},
  series    = {Introducing Linguistics, Band 4},
  language  = {English},
  pages     = {542},
  isbn      = {978-0470655313}
}

@book{ElmasriNavathe2015,
  author    = {Ramez Elmasri and Shamkant B. Navathe},
  title     = {Fundamentals of Database Systems},
  publisher = {Addison Wesley Pub Co Inc},
  year      = {2015},
  edition   = {Revised edition},
  isbn      = {978-0133970777},
  language  = {English},
  pages     = {1280},
  dimensions = {19.81 x 4.95 x 24 cm}
}


@article{Chen1983,
  author       = {Peter Pin-Shan Chen},
  title        = {English sentence structure and entity-relationship diagrams},
  journal      = {Information Sciences},
  year         = {1983},
  volume       = {29},
  number       = {2-3},
  pages        = {127-149},
  doi          = {10.1016/0020-0255(83)90014-2},
  publisher    = {Elsevier},
  address      = {Baton Rouge, LA},
  month        = {May-Jun},
  note         = {This paper studies the correspondence between English sentence structure and ER diagrams, proposing rules for translation and demonstrating their applicability in database design.},
  language     = {English},
  institution  = {Louisiana State University}
}

@book{Jung1964,
  editor    = {Carl Jung},
  title     = {Man and His Symbols},
  year      = {1964},
  publisher = {Doubleday},
  language  = {English},
  isbn      = {0-385-05221-9},
}

@book{Spivak2014,
  author    = {David I. Spivak},
  title     = {Category Theory for the Sciences},
  publisher = {The MIT Press},
  year      = {2014},
  edition   = {1st},
  isbn      = {978-0262028134},
  language  = {English},
}

@book{Basieux2000,
  author    = {Pierre Basieux},
  title     = {Die Architektur der Mathematik: Denken in Strukturen},
  publisher = {Rowohlt Taschenbuch},
  year      = {2000},
  edition   = {5},
  isbn      = {978-3499611193},
  language  = {German},

}

@book{Minsky1988,
  author    = {Marvin Minsky},
  title     = {The Society Of Mind},
  publisher = {Simon \& Schuster},
  year      = {1988},
  edition   = {Illustrated},
  isbn      = {978-0671657130},
  language  = {English},
}
