@book{mcpherson2020metaethics,
  title={Routledge Handbook of Metaethics},
  author={McPherson, Tristram and Plunkett, David},
  isbn={9780367856072},
  year={2020},
  publisher={Routledge}
}

@article{Dales1962,
  author = {Dales, G.},
  title = {Harappan Outposts on the Makran Coast},
  journal = {Antiquity},
  year = {1962},
  volume = {36},
  pages = {86 - 92}
}

@article{Frankfort1948,
  author = {Frankfort, H. and Knight, W. F. J.},
  title = {Kingship and the Gods: A Study of Ancient Near Eastern Religion as the Integration of Society and Nature},
  journal = {Journal of Biblical Literature},
  year = {1948},
  volume = {69},
  pages = {157}
}}

@phdthesis{Leblanc2013,
  author = {Leblanc, P.},
  title = {Indus Epigraphic Perspectives: Exploring Past Decipherment Attempts \& Possible New Approaches},
  school = {University of Ottawa},
  year = {2013},
  url = {https://ruor.uottawa.ca/handle/10393/26166}
}

@article{Hessel2018,
  author = {Hessel, V.},
  title = {Everything Flows: Continuous Micro-Flow for Pharmaceutical Production},
  journal = {Chemistry International},
  year = {2018},
  volume = {40},
  pages = {12 - 16}
}

@incollection{Lambek1981,
  author = {Lambek, J.},
  title = {The Influence of Heraclitus on Modern Mathematics},
  booktitle = {Scientific Philosophy Today: Essays in Honor of Mario Bunge},
  editor = {Agassi, Joseph and Cohen, Robert S.},
  publisher = {D. Reidel Publishing Co.},
  year = {1981},
  pages = {111-121}
}

@article{Wiles2014,
  author = {Wiles, A.},
  title = {Forms and Predication Reconsidered},
  journal = {Studia Gilsoniana},
  year = {2014},
  volume = {3},
  pages = {241-256}
}

@article{Leibowitz2013,
  author = {Leibowitz, Uri D.},
  title = {Particularism in Aristotle’s Nicomachean Ethics},
  journal = {Journal of Moral Philosophy},
  year = {2013},
  volume = {10},
  pages = {121-147}
}
`
@article{Stančienė2014,
  author = {Stančienė, Dalia Marija},
  title = {The Moral Philosophy of Thomas Aquinas},
  journal = {Problemos},
  year = {2014},
  volume = {66},
  pages = {126-142}
}

@incollection{Shanley2002,
  author = {Shanley, Brian J.},
  title = {Religion and Morality},
  booktitle = {The Thomist Tradition},
  publisher = {Springer},
  year = {2002},
  pages = {128-150}
}
'
@incollection{Skorupski2021,
  author = {Skorupski, John},
  title = {Ethics in the Anglo-Scottish Enlightenment},
  booktitle = {Being and Freedom: On Late Modern Ethics in Europe},
  publisher = {Oxford University Press},
  year = {2021},
  pages = {298-350}
}

@book{Ducheyne2017,
  editor = {Ducheyne, Steffen},
  title = {Reassessing the Radical Enlightenment},
  publisher = {Routledge},
  year = {2017},
}

@article{Baldwin2006,
  author = {Baldwin, T.},
  title = {Moore's Rejection of Ethical Naturalism},
  journal = {Revue de métaphysique et de morale},
  year = {2006},
  pages = {291-311},
  volume = {51}
}

@article{Dreier2018,
  author = {James Dreier},
  title = {The real \& the quasi-real: problems of distinction},
  journal = {Canadian Journal of Philosophy},
  year = {2018},
  pages = {532-547},
  volume = {48}
}

@article{Joyce2014,
  author = {R. Joyce},
  title = {Taking Moral Skepticism Seriously},
  journal = {Philosophical Studies},
  year = {2014},
  pages = {843-851},
  volume = {168}
}

@article{Copp1991,
  author = {David Copp},
  title = {Moral Realism: Facts and Norms},
  journal = {Ethics},
  year = {1991},
  pages = {610-624},
  volume = {101}
}

@incollection{McPherson2012,
  author = {McPherson, T.},
  title = {Naturalism in Metaethics},
  booktitle = {The Stanford Encyclopedia of Philosophy},
  editor = {Edward N. Zalta},
  year = {2012},
}

@article{Stringer2018,
  author = {Ryan Stringer},
  title = {Realist ethical naturalism for ethical non-naturalists},
  journal = {Philosophical Studies},
  year = {2018},
  pages = {339-362},
  volume = {175}
}

@article{FinlayCuneo2008,
  author = {S. Finlay and T. Cuneo},
  title = {Teaching \& Learning Guide for: Moral Realism and Moral Non-naturalism},
  journal = {Philosophy Compass},
  year = {2008},
  pages = {570-572},
  volume = {3}
}

@article{Arruda2018,
  author = {Arruda, M. L.},
  title = {Ethical Naturalism and the Challenge of Relativism},
  journal = {The Journal of Ethics},
  volume = {22},
  number = {5-6},
  pages = {471-490},
  year = {2018},
}

@article{Brink2001,
  author = {Brink, D. O.},
  title = {Ethical Naturalism and the Philosophy of Language},
  journal = {Canadian Journal of Philosophy},
  volume = {31},
  number = {2},
  pages = {141-164},
  year = {2001},
}
