@book{koehler1917chimpanzees,
  author = {Köhler, Wolfgang},
  title = {The Mentality of Apes},
  year = {1917},
  publisher = {Harcourt, Brace and Company},
}

@book{koehler1921mentality,
  author = {Köhler, Wolfgang},
  title = {The Mentality of Apes},
  year = {1921},
  publisher = {Routledge},
}

@article{koehler1927detours,
  author = {Köhler, Wolfgang},
  title = {On the nature of intelligence in apes},
  journal = {British Journal of Psychology},
  year = {1927},
  volume = {17},
  pages = {235-254},
}

@book{thorndike1898animal,
  author = {Thorndike, Edward},
  title = {Animal Intelligence},
  year = {1898},
  publisher = {Macmillan},
}

@article{morgan1894animal,
  author = {Morgan, C. Lloyd},
  title = {An Introduction to Comparative Psychology},
  journal = {Macmillan's Magazine},
  year = {1894},
  volume = {75},
  pages = {45-59},
}

@book{gardner1999intelligence,
  title={Intelligence Reframed: Multiple Intelligences for the 21st Century},
  author={Gardner, Howard},
  year={1999},
  publisher={Basic Books},
  address={New York}
}

@book{nisbett2003geography,
  title={The Geography of Thought: How Asians and Westerners Think Differently... and Why},
  author={Nisbett, Richard E.},
  year={2003},
  publisher={Free Press},
  address={New York}
}

@book{sternberg2004wisdom,
  title={Wisdom, Intelligence, and Creativity Synthesized},
  author={Sternberg, Robert J.},
  year={2004},
  publisher={Cambridge University Press},
  address={Cambridge}
}

@book{aristotle1986nicomachean,
  title={The Nicomachean Ethics},
  author={Aristotle},
  translator={Thomson, J.A.K. and Tredennick, Hugh},
  year={1986},
  publisher={Penguin Books},
  address={London}
}

@book{descartes1996discourse,
  title={Discourse on the Method},
  author={Descartes, Rene},
  year={1996},
  publisher={Yale University Press},
  address={New Haven}
}

@book{shettleworth2010cognition,
  title={Cognition, Evolution, and Behavior},
  author={Shettleworth, Sara J.},
  year={2010},
  publisher={Oxford University Press},
  address={Oxford}
}

@book{berkes2012sacred,
  title={Sacred Ecology},
  author={Berkes, Fikret},
  year={2012},
  publisher={Routledge},
  address={New York}
}

@article{emery2004cognitive,
  title={Cognitive ornithology: The evolution of avian intelligence},
  author={Emery, Nathan J. and Clayton, Nicola S.},
  journal={Philosophical Transactions of the Royal Society of London. Series B, Biological Sciences},
  volume={361},
  number={1465},
  pages={23-43},
  year={2004},
  publisher={The Royal Society}
}

@book{dewaal2016are,
  title={Are We Smart Enough to Know How Smart Animals Are?},
  author={de Waal, Frans B. M.},
  year={2016},
  publisher={W.W. Norton \& Company},
  address={New York}
}

@article{hunt2000crows,
  title={Tool use by the New Caledonian crow Corvus moneduloides to obtain Cerambycidae from dead wood},
  author={Hunt, Gavin R.},
  journal={Emu - Austral Ornithology},
  volume={100},
  number={2},
  pages={109-114},
  year={2000},
  publisher={CSIRO Publishing}
}

@article{janik2006communication,
  title={Communication in marine mammals},
  author={Janik, Vincent M. and Slater, Peter J. B.},
  journal={Cognitive Science},
  volume={9},
  number={1},
  pages={44-50},
  year={2006},
  publisher={Elsevier}
}

@article{tucker2000gliding,
  title={Gliding flight: speed and acceleration of ideal falcons during diving and pull out},
  author={Tucker, Vance A.},
  journal={Journal of Experimental Biology},
  volume={203},
  number={3},
  pages={373-384},
  year={2000},
  publisher={Company of Biologists}
}

@article{wiltschko2003navigation,
  title={Navigation in birds},
  author={Wiltschko, Roswitha and Wiltschko, Wolfgang},
  journal={Journal of Comparative Physiology A},
  volume={189},
  pages={675-693},
  year={2003},
  publisher={Springer}
}

@book{wilson2000sociobiology,
  title={Sociobiology: The New Synthesis},
  author={Wilson, Edward O.},
  year={2000},
  publisher={Harvard University Press},
  address={Cambridge, MA}
}

@book{lovelock2000gaia,
  title={Gaia: A New Look at Life on Earth},
  author={Lovelock, James E.},
  year={2000},
  publisher={Oxford University Press},
  address={Oxford}
}

@book{goleman1995emotional,
  title={Emotional Intelligence},
  author={Goleman, Daniel},
  year={1995},
  publisher={Bantam Books},
  address={New York}
}

@book{sternberg2004wisdom,
  title={Wisdom, Intelligence, and Creativity Synthesized},
  author={Sternberg, Robert J.},
  year={2004},
  publisher={Cambridge University Press},
  address={Cambridge}
}

@book{gardner1999intelligence,
  title={Intelligence Reframed: Multiple Intelligences for the 21st Century},
  author={Gardner, Howard},
  year={1999},
  publisher={Basic Books},
  address={New York}
}
