@article{francis2022black,
  title={Black Economic Empowerment (BEE) in South Africa: Introduction and Review of the Labour Market Literature},
  author={David Francis and I. Valodia},
  journal={Transformation: Critical Perspectives on Southern Africa},
  year={2022},
  pages={1-20},
  doi={10.1353/trn.2022.0010}
}

@article{rensburg2021doing,
  title={Doing Gender Well: Women’s Perceptions on Gender Equality and Career Progression in the South African Security Industry},
  author={Shandré K. Jansen van Rensburg},
  journal={SA Journal of Industrial Psychology},
  year={2021}
}

@article{dosunmu2022discourse,
  title={A Discourse Analysis of Career Experiences of Women in the Developing Country},
  author={A. G. Dosunmu},
  journal={Journal of Governance and Regulation},
  year={2022}
}

@article{botha2012progress,
  title={Progress in implementing the Mineral and Petroleum Resources Development Act 28 of 2002 (MPRDA) provisions for the employment of women in mining},
  author={C. Botha and J. Fourie and D. Botha and C. Bischoff},
  journal={Journal of The South African Institute of Mining and Metallurgy},
  year={2012},
  pages={395-404}
}

@article{nattrass2016two,
  title={"Two Nations"? Race and Economic Inequality in South Africa Today},
  author={N. Nattrass and J. Seekings},
  journal={Daedalus},
  year={2016},
  pages={45-70}
}

@article{francis2022black,
  title={Black Economic Empowerment (BEE) in South Africa: introduction and a review of the labour market literature},
  author={David Francis and I. Valodia},
  journal={Transformation: Critical Perspectives on Southern Africa},
  year={2022},
  pages={1-20}
}

@article{tirivangasih2018fostering,
  title={Fostering Entrepreneurship Education among Women and Girls in South Africa: Destroying the Gendered and Encultured Patriachies},
  author={M. TirivangasiH},
  journal={Journal of Economics and Behavioral Studies},
  year={2018},
  pages={227-236}
}

@article{gradin2018occupational,
  title={Occupational Gender Segregation in Post-Apartheid South Africa},
  author={C. Gradín},
  journal={Feminist Economics},
  year={2018},
  pages={102-133}
}

@article{dosunmu2022discourse,
  title={A discourse analysis of career experiences of women in the developing country},
  author={A. G. Dosunmu},
  journal={Journal of Governance and Regulation},
  year={2022}
}

@article{wadley2000south,
  title={South African Archaeology, Gender, and the African Renaissance},
  author={L. Wadley},
  journal={South African Historical Journal},
  year={2000},
  pages={81-95}
}

@article{khau2016comprehensive,
  title={Comprehensive Sexuality Education as a Tool towards Gender Equality},
  author={'Mathabo Khau},
  journal={Transitioning to Gender Equality},
  year={2016}
}

@article{makua2022does,
  title={Does Gender Inclusivity Matter for Economic Growth in South Africa? An ARDL approach},
  author={Khutso Baltimore Makua and Neo Malungane and Khayakazi Mswephu and R. Sadiki},
  journal={Journal of Economics, Business, \& Accountancy Ventura},
  year={2022}
}

@article{hinks2002gender,
  title={Gender wage differentials and discrimination in the New South Africa},
  author={T. Hinks},
  journal={Applied Economics},
  year={2002},
  pages={2043-2052}
}

@article{britton2002incomplete,
  title={The Incomplete Revolution},
  author={Hannah Britton},
  journal={International Feminist Journal of Politics},
  year={2002},
  pages={43-71}
}

@article{mokgoro2003constitutional,
  title={Constitutional Claims for Gender Equality in South Africa: A Judicial Response},
  author={J. Mokgoro},
  journal={Albany law review},
  year={2003},
  pages={565-574}
}

@article{monnapula-mapesela2017developing,
  title={Developing as an academic leader in a university of technology in South Africa: Dealing with enabling and constraining teaching and learning environments},
  author={M. Monnapula-Mapesela},
  journal={},
  year={2017},
  pages={69-85}
}

@article{doubell2014perceptions,
  title={PERCEPTIONS OF FACTORS INFLUENCING THE CAREER SUCCESS OF PROFESSIONAL AND BUSINESS WOMEN IN SOUTH AFRICA},
  author={Marianne Doubell and M. Struwig},
  journal={South African Journal of Economic and Management Sciences},
  year={2014},
  pages={531-543}
}

@article{chinyamurindi2016narrative,
  title={A narrative investigation into the meaning and experience of career success: Perspectives from women participants},
  author={W. Chinyamurindi},
  journal={Sa Journal of Human Resource Management},
  year={2016},
  pages={1-11}
}

@article{watson1995career,
  title={The career development of black and white South African university students},
  author={M. Watson and G. Stead and A. C. D. Jager},
  journal={International Journal for the Advancement of Counselling},
  year={1995},
  pages={39-47}
}

@article{riordan2011career,
  title={Career Success of Women Academics in South Africa},
  author={S. Riordan and J. Louw-Potgieter},
  journal={South African Journal of Psychology},
  year={2011},
  pages={157-172}
}

@article{lumby2011women,
  title={Women Principals in Small Schools in South Africa},
  author={J. Lumby and C. Azaola},
  journal={Australian Journal of Education},
  year={2011},
  pages={73-85}
}

@article{rabe2012exploring,
  title={Exploring gender and race amongst female sociologists exiting academia in South Africa},
  author={M. Rabe and P. Rugunanan},
  journal={Gender and Education},
  year={2012},
  pages={553-566}
}

@article{kokot1998effects,
  title={The Effects of Gender Stereotyping on the Career Aspirations of Gifted Black Adolescents},
  author={Shirley J. Kokot and Penny L. Kokot-Louw},
  journal={Gifted and talented international},
  year={1998},
  pages={19-27}
}

@article{fenyes2000casualization,
  title={The casualization of black female labour in South Africa},
  author={T. Fényes and P. Lalthapersad},
  journal={South African Journal of Economic and Management Sciences},
  year={2000},
  pages={165-188}
}

@article{gradin2018occupational,
  title={Occupational Gender Segregation in Post-Apartheid South Africa},
  author={C. Gradín},
  journal={Feminist Economics},
  year={2018},
  pages={102-133}
}

@article{matotoka2018transformative,
  title={Transformative Interventions Fostering Mainstreaming of Black South African Women into Managerial Positions in the Private Sector},
  author={Dennis Matotoka and K. Odeku},
  journal={European Review Of Applied Sociology},
  year={2018},
  pages={36-50}
}

@article{cohen2020material,
  title={Material and Relational Difficulties: The Impact of the Household Environment on the Emotional Well-Being of Young Black Women Living in Soweto, South Africa},
  author={E. Cohen and others},
  journal={Journal of Family Issues},
  year={2020},
  pages={1307-1332}
}

@article{micklesfield2013socio,
  title={Socio-cultural, environmental and behavioural determinants of obesity in black South African women},
  author={L. Micklesfield and others},
  journal={Cardiovascular Journal of Africa},
  year={2013},
  pages={369-375}
}

@article{chinyamurindi2016narrative,
  title={A narrative investigation into the meaning and experience of career success: Perspectives from women participants},
  author={W. Chinyamurindi},
  journal={Sa Journal of Human Resource Management},
  year={2016},
  pages={1-11}
}

@article{fenyes2000casualization,
  title={The casualization of black female labour in South Africa},
  author={T. Fényes and P. Lalthapersad},
  journal={South African Journal of Economic and Management Sciences},
  year={2000},
  pages={165-188}
}

@article{lumby2011women,
  title={Women Principals in Small Schools in South Africa},
  author={J. Lumby and C. Azaola},
  journal={Australian Journal of Education},
  year={2011},
  pages={73-85}
}

@article{watson1995career,
  title={The career development of black and white South African university students},
  author={M. Watson and G. Stead and A. C. D. Jager},
  journal={International Journal for the Advancement of Counselling},
  year={1995},
  pages={39-47}
}

@article{matotoka2018transformative,
  title={Transformative Interventions Fostering Mainstreaming of Black South African Women into Managerial Positions in the Private Sector},
  author={Dennis Matotoka and K. Odeku},
  journal={European Review Of Applied Sociology},
  year={2018},
  pages={36-50}
}

@article{doubell2014perceptions,
  title={PERCEPTIONS OF FACTORS INFLUENCING THE CAREER SUCCESS OF PROFESSIONAL AND BUSINESS WOMEN IN SOUTH AFRICA},
  author={Marianne Doubell and M. Struwig},
  journal={South African Journal of Economic and Management Sciences},
  year={2014},
  pages={531-543}
}

@article{monnapula-mapesela2017developing,
  title={Developing as an academic leader in a university of technology in South Africa: Dealing with enabling and constraining teaching and learning environments},
  author={M. Monnapula-Mapesela},
  journal={},
  year={2017},
  pages={69-85}
}

@article{gradin2018occupational,
  title={Occupational Gender Segregation in Post-Apartheid South Africa},
  author={C. Gradín},
  journal={Feminist Economics},
  year={2018},
  pages={102-133}
}

@article{geldenhuys2007career,
  title={Career identities of first-year female coloured students},
  author={J. Geldenhuys and N. Lange},
  journal={South African Journal of Education},
  year={2007},
  pages={117-137}
}

@article{francis2022black,
  title={Black Economic Empowerment (BEE) in South Africa: introduction and a review of the labour market literature},
  author={David Francis and I. Valodia},
  journal={Transformation: Critical Perspectives on Southern Africa},
  year={2022},
  pages={1-20}
}

@article{matotoka2021mainstreaming,
  title={Mainstreaming Black Women into Managerial Positions in the South African Corporate Sector in the Era of the Fourth Industrial Revolution (4IR)},
  author={M. Matotoka and K. Odeku},
  journal={LSN: Corporate Law (Topic)},
  year={2021}
}

@article{jaga2018doing,
  title={Doing the ‘gender dance’: Black women professionals negotiating gender, race, work and family in post-apartheid South Africa},
  author={A. Jaga and others},
  journal={Community, Work \& Family},
  year={2018},
  pages={429-444}
}

@article{monnapula-mapesela2017developing,
  title={Developing as an academic leader in a university of technology in South Africa: Dealing with enabling and constraining teaching and learning environments},
  author={M. Monnapula-Mapesela},
  journal={},
  year={2017},
  pages={69-85}
}

@article{cohen2020material,
  title={Material and Relational Difficulties: The Impact of the Household Environment on the Emotional Well-Being of Young Black Women Living in Soweto, South Africa},
  author={E. Cohen and others},
  journal={Journal of Family Issues},
  year={2020},
  pages={1307-1332}
}

@article{chinyamurindi2016narrative,
  title={A narrative investigation into the meaning and experience of career success: Perspectives from women participants},
  author={W. Chinyamurindi},
  journal={Sa Journal of Human Resource Management},
  year={2016},
  pages={1-11}
}

@article{lumby2011women,
  title={Women Principals in Small Schools in South Africa},
  author={J. Lumby and C. Azaola},
  journal={Australian Journal of Education},
  year={2011},
  pages={73-85}
}

@article{rabe2012exploring,
  title={Exploring gender and race amongst female sociologists exiting academia in South Africa},
  author={M. Rabe and P. Rugunanan},
  journal={Gender and Education},
  year={2012},
  pages={553-566}
}

@article{fenyes2000casualization,
  title={The casualization of black female labour in South Africa},
  author={T. Fényes and P. Lalthapersad},
  journal={South African Journal of Economic and Management Sciences},
  year={2000},
  pages={165-188}
}

@article{gradin2018occupational,
  title={Occupational Gender Segregation in Post-Apartheid South Africa},
  author={C. Gradín},
  journal={Feminist Economics},
  year={2018},
  pages={102-133}
}

@article{francis2022black,
  title={Black Economic Empowerment (BEE) in South Africa: introduction and a review of the labour market literature},
  author={David Francis and I. Valodia},
  journal={Transformation: Critical Perspectives on Southern Africa},
  year={2022},
  pages={1-20}
}

@article{matotoka2018transformative,
  title={Transformative Interventions Fostering Mainstreaming of Black South African Women into Managerial Positions in the Private Sector},
  author={Dennis Matotoka and K. Odeku},
  journal={European Review Of Applied Sociology},
  year={2018},
  pages={36-50}
}

@article{jaga2018doing,
  title={Doing the ‘gender dance’: Black women professionals negotiating gender, race, work and family in post-apartheid South Africa},
  author={A. Jaga and others},
  journal={Community, Work & Family},
  year={2018},
  pages={429-444}
}

@article{matotoka2018transformative,
  title={Transformative Interventions Fostering Mainstreaming of Black South African Women into Managerial Positions in the Private Sector},
  author={Dennis Matotoka and K. Odeku},
  journal={European Review Of Applied Sociology},
  year={2018},
  pages={36-50}
}

@article{monnapula-mapesela2017developing,
  title={Developing as an academic leader in a university of technology in South Africa: Dealing with enabling and constraining teaching and learning environments},
  author={M. Monnapula-Mapesela},
  journal={},
  year={2017},
  pages={69-85}
}

@article{francis2022black,
  title={Black Economic Empowerment (BEE) in South Africa: introduction and a review of the labour market literature},
  author={David Francis and I. Valodia},
  journal={Transformation: Critical Perspectives on Southern Africa},
  year={2022},
  pages={1-20}
}

@article{matotoka2021mainstreaming,
  title={Mainstreaming Black Women into Managerial Positions in the South African Corporate Sector in the Era of the Fourth Industrial Revolution (4IR)},
  author={M. Matotoka and K. Odeku},
  journal={LSN: Corporate Law (Topic)},
  year={2021}
}

@article{riordan2011career,
  title={Career Success of Women Academics in South Africa},
  author={S. Riordan and J. Louw-Potgieter},
  journal={South African Journal of Psychology},
  year={2011},
  pages={157-172}
}
